@book{hyndman-fpp3,
  title = {Forecasting: Principles and Practice},
  author = {Hyndman, Rob J. and Athanasopoulos, George},
  edition = {3},
  year = {2021},
  url = {https://otexts.com/fpp3/}
}
@misc{quarto-docs,
  title = {Quarto Documentation},
  author = {{Posit}},
  year = {2025},
  url = {https://quarto.org/}
}
@misc{yfinance,
  title = {yfinance: Yahoo! Finance market data downloader},
  author = {Ran Aroussi},
  year = {2024},
  url = {https://github.com/ranaroussi/yfinance}
}
